@article{aumailley2013laminin,
  title={The laminin family},
  author={Aumailley, Monique},
  journal={Cell adhesion \& migration},
  volume={7},
  number={1},
  pages={48--55},
  year={2013},
  publisher={Taylor \& Francis}
}

@article{sethi2010identification,
  title={Identification of glycosyltransferase 8 family members as xylosyltransferases acting on O-glucosylated notch epidermal growth factor repeats},
  author={Sethi, Maya K and Buettner, Falk FR and Krylov, Vadim B and Takeuchi, Hideyuki and Nifantiev, Nikolay E and Haltiwanger, Robert S and Gerardy-Schahn, Rita and Bakker, Hans},
  journal={Journal of Biological Chemistry},
  volume={285},
  number={3},
  pages={1582--1586},
  year={2010},
  publisher={ASBMB}
}

@article{lizio2015gateways,
  title={Gateways to the FANTOM5 promoter level mammalian expression atlas},
  author={Lizio, Marina and Harshbarger, Jayson and Shimoji, Hisashi and Severin, Jessica and Kasukawa, Takeya and Sahin, Serkan and Abugessaisa, Imad and Fukuda, Shiro and Hori, Fumi and Ishikawa-Kato, Sachi and others},
  journal={Genome biology},
  volume={16},
  number={1},
  pages={22},
  year={2015},
  publisher={Springer}
}


@article{lander2001initial,
  title={Initial sequencing and analysis of the human genome},
  author={Lander, Eric S and Linton, Lauren M and Birren, Bruce and Nusbaum, Chad and Zody, Michael C and Baldwin, Jennifer and Devon, Keri and Dewar, Ken and Doyle, Michael and FitzHugh, William and others},
  year={2001},
  publisher={Macmillan Publishers Ltd.}
}

@article{venter2001sequence,
  title={The sequence of the human genome},
  author={Venter, J Craig and Adams, Mark D and Myers, Eugene W and Li, Peter W and Mural, Richard J and Sutton, Granger G and Smith, Hamilton O and Yandell, Mark and Evans, Cheryl A and Holt, Robert A and others},
  journal={science},
  volume={291},
  number={5507},
  pages={1304--1351},
  year={2001},
  publisher={American Association for the Advancement of Science}
}


@article{mclaren2016ensembl,
  title={The ensembl variant effect predictor},
  author={McLaren, William and Gil, Laurent and Hunt, Sarah E and Riat, Harpreet Singh and Ritchie, Graham RS and Thormann, Anja and Flicek, Paul and Cunningham, Fiona},
  journal={Genome biology},
  volume={17},
  number={1},
  pages={122},
  year={2016},
  publisher={BioMed Central}
}
@article{howe2020ensembl,
  title={Ensembl Genomes 2020—enabling non-vertebrate genomic research},
  author={Howe, Kevin L and Contreras-Moreira, Bruno and De Silva, Nishadi and Maslen, Gareth and Akanni, Wasiu and Allen, James and Alvarez-Jarreta, Jorge and Barba, Matthieu and Bolser, Dan M and Cambell, Lahcen and others},
  journal={Nucleic acids research},
  volume={48},
  number={D1},
  pages={D689--D695},
  year={2020},
  publisher={Oxford University Press}
}
@misc{openRefine,
  author = {Metaweb Technologies, Inc. },
  title = {Open Refine},
  year = {2012},
  publisher = {GitHub},
  journal = {GitHub repository},
  howpublished = {\url{https://github.com/OpenRefine/OpenRefine}},
  commit = {58b839b9c54c82fe3d722c9c3d6d5e4e61506e28}
}

@article{li2009sequence,
  title={The sequence alignment/map format and SAMtools},
  author={Li, Heng and Handsaker, Bob and Wysoker, Alec and Fennell, Tim and Ruan, Jue and Homer, Nils and Marth, Gabor and Abecasis, Goncalo and Durbin, Richard},
  journal={Bioinformatics},
  volume={25},
  number={16},
  pages={2078--2079},
  year={2009},
  publisher={Oxford University Press}
}
@article{li2013aligning,
  title={Aligning sequence reads, clone sequences and assembly contigs with BWA-MEM},
  author={Li, Heng},
  journal={arXiv preprint arXiv:1303.3997},
  year={2013}
}
@article{tarasov2015sambamba,
  title={Sambamba: fast processing of NGS alignment formats},
  author={Tarasov, Artem and Vilella, Albert J and Cuppen, Edwin and Nijman, Isaac J and Prins, Pjotr},
  journal={Bioinformatics},
  volume={31},
  number={12},
  pages={2032--2034},
  year={2015},
  publisher={Oxford University Press}
}
@article{garrison2012haplotype,
  title={Haplotype-based variant detection from short-read sequencing},
  author={Garrison, Erik and Marth, Gabor},
  journal={arXiv preprint arXiv:1207.3907},
  year={2020}
}
@article{rosenbloom2015ucsc,
  title={The UCSC genome browser database: 2015 update},
  author={Rosenbloom, Kate R and Armstrong, Joel and Barber, Galt P and Casper, Jonathan and Clawson, Hiram and Diekhans, Mark and Dreszer, Timothy R and Fujita, Pauline A and Guruvadoo, Luvina and Haeussler, Maximilian and others},
  journal={Nucleic acids research},
  volume={43},
  number={D1},
  pages={D670--D681},
  year={2015},
  publisher={Oxford University Press}
}
@article{tan2015unified,
  title={Unified representation of genetic variants},
  author={Tan, Adrian and Abecasis, Gon{\c{c}}alo R and Kang, Hyun Min},
  journal={Bioinformatics},
  volume={31},
  number={13},
  pages={2202--2204},
  year={2015},
  publisher={Oxford University Press}
}
@article{1000genome2015global,
  title={A global reference for human genetic variation},
  author={1000 Genomes Project Consortium and others},
  journal={Nature},
  volume={526},
  number={7571},
  pages={68--74},
  year={2015},
  publisher={Nature Publishing Group}
}
@article{vermeesch2005molecular,
  title={Molecular karyotyping: array CGH quality criteria for constitutional genetic diagnosis},
  author={Vermeesch, Joris R and Melotte, Cindy and Froyen, Guy and Van Vooren, Steven and Dutta, Binita and Maas, Nicole and Vermeulen, Stefan and Menten, Bj{\"o}rn and Speleman, Frank and De Moor, Bart and others},
  journal={Journal of Histochemistry \& Cytochemistry},
  volume={53},
  number={3},
  pages={413--422},
  year={2005},
  publisher={SAGE Publications Sage CA: Los Angeles, CA}
}
@misc{vcflib,
  author = {Garrison, Erik},
  title = {vcflib},
  year = {2020},
  publisher = {GitHub},
  journal = {GitHub repository},
  howpublished = {\url{https://github.com/vcflib/vcflib}},
  commit = {40dbb399b5d25ae694e15755724475b274d1b8fe}
}
@Book{ggplot2,
  author = {Hadley Wickham},
  title = {ggplot2: Elegant Graphics for Data Analysis},
  publisher = {Springer-Verlag New York},
  year = {2016},
  isbn = {978-3-319-24277-4},
  url = {https://ggplot2.tidyverse.org},
}
@article{wickham2019welcome,
  title={Welcome to the Tidyverse},
  author={Wickham, Hadley and Averick, Mara and Bryan, Jennifer and Chang, Winston and McGowan, Lucy and Fran{\c{c}}ois, Romain and Grolemund, Garrett and Hayes, Alex and Henry, Lionel and Hester, Jim and others},
  journal={Journal of Open Source Software},
  volume={4},
  number={43},
  pages={1686},
  year={2019}
}
  @Manual{R,
    title = {R: A Language and Environment for Statistical Computing},
    author = {{R Core Team}},
    organization = {R Foundation for Statistical Computing},
    address = {Vienna, Austria},
    year = {2019},
    url = {https://www.R-project.org/},
  }
  @Manual{statsR,
    title = {R: A Language and Environment for Statistical Computing},
    author = {{R Core Team}},
    organization = {R Foundation for Statistical Computing},
    address = {Vienna, Austria},
    year = {2019},
    url = {https://www.R-project.org/},
  }
@article{goddijn2000genetic,
  title={Genetic aspects of miscarriage},
  author={Goddijn, M and Leschot, NJ},
  journal={BEST PRACTICE AND RESEARCH IN CLINICAL OBSTETRICS AND GYNAECOLOGY},
  volume={14},
  number={5},
  pages={855--865},
  year={2000},
  publisher={BAILLERE TINDALL}
}
@article{zhang2009genetic,
  title={Genetic analysis of first-trimester miscarriages with a combination of cytogenetic karyotyping, microsatellite genotyping and arrayCGH},
  author={Zhang, Y-X and Zhang, Y-P and Gu, Y and Guan, F-J and Li, S-L and Xie, J-S and Shen, Y and Wu, B-L and Ju, W and Jenkins, EC and others},
  journal={Clinical genetics},
  volume={75},
  number={2},
  pages={133--140},
  year={2009},
  publisher={Wiley Online Library}
}
@misc{karczewskigenome,
  title={The genome Aggregation Database (gnomAD). MacArthur Lab. 2017},
  author={Karczewski, K and Francioli, L}
}
@article{lek2016analysis,
  title={Analysis of protein-coding genetic variation in 60,706 humans},
  author={Lek, Monkol and Karczewski, Konrad J and Minikel, Eric V and Samocha, Kaitlin E and Banks, Eric and Fennell, Timothy and O’Donnell-Luria, Anne H and Ware, James S and Hill, Andrew J and Cummings, Beryl B and others},
  journal={Nature},
  volume={536},
  number={7616},
  pages={285--291},
  year={2016},
  publisher={Nature Publishing Group}
}
@article{kircher2014general,
  title={A general framework for estimating the relative pathogenicity of human genetic variants},
  author={Kircher, Martin and Witten, Daniela M and Jain, Preti and O'Roak, Brian J and Cooper, Gregory M and Shendure, Jay},
  journal={Nature genetics},
  volume={46},
  number={3},
  pages={310},
  year={2014},
  publisher={Nature Publishing Group}
}
@article{rentzsch2019cadd,
  title={CADD: predicting the deleteriousness of variants throughout the human genome},
  author={Rentzsch, Philipp and Witten, Daniela and Cooper, Gregory M and Shendure, Jay and Kircher, Martin},
  journal={Nucleic acids research},
  volume={47},
  number={D1},
  pages={D886--D894},
  year={2019},
  publisher={Oxford University Press}
}
@article{firth2011deciphering,
  title={The deciphering developmental disorders (DDD) study},
  author={Firth, Helen V and Wright, Caroline F and DDD study},
  journal={Developmental Medicine \& Child Neurology},
  volume={53},
  number={8},
  pages={702--703},
  year={2011},
  publisher={Wiley Online Library}
}
@article{firth2009decipher,
  title={DECIPHER: database of chromosomal imbalance and phenotype in humans using ensembl resources},
  author={Firth, Helen V and Richards, Shola M and Bevan, A Paul and Clayton, Stephen and Corpas, Manuel and Rajan, Diana and Van Vooren, Steven and Moreau, Yves and Pettett, Roger M and Carter, Nigel P},
  journal={The American Journal of Human Genetics},
  volume={84},
  number={4},
  pages={524--533},
  year={2009},
  publisher={Elsevier}
}
@article{blomen2015gene,
  title={Gene essentiality and synthetic lethality in haploid human cells},
  author={Blomen, Vincent A and M{\'a}jek, Peter and Jae, Lucas T and Bigenzahn, Johannes W and Nieuwenhuis, Joppe and Staring, Jacqueline and Sacco, Roberto and van Diemen, Ferdy R and Olk, Nadine and Stukalov, Alexey and others},
  journal={Science},
  volume={350},
  number={6264},
  pages={1092--1096},
  year={2015},
  publisher={American Association for the Advancement of Science}
}
@article{wang2015identification,
  title={Identification and characterization of essential genes in the human genome},
  author={Wang, Tim and Birsoy, K{\i}van{\c{c}} and Hughes, Nicholas W and Krupczak, Kevin M and Post, Yorick and Wei, Jenny J and Lander, Eric S and Sabatini, David M},
  journal={Science},
  volume={350},
  number={6264},
  pages={1096--1101},
  year={2015},
  publisher={American Association for the Advancement of Science}
}
@article{hart2015high,
  title={High-resolution CRISPR screens reveal fitness genes and genotype-specific cancer liabilities},
  author={Hart, Traver and Chandrashekhar, Megha and Aregger, Michael and Steinhart, Zachary and Brown, Kevin R and MacLeod, Graham and Mis, Monika and Zimmermann, Michal and Fradet-Turcotte, Amelie and Sun, Song and others},
  journal={Cell},
  volume={163},
  number={6},
  pages={1515--1526},
  year={2015},
  publisher={Elsevier}
}
@article{dawes2019gene,
  title={Gene discovery informatics toolkit defines candidate genes for unexplained infertility and prenatal or infantile mortality},
  author={Dawes, Ruebena and Lek, Monkol and Cooper, Sandra T},
  journal={NPJ genomic medicine},
  volume={4},
  number={1},
  pages={1--11},
  year={2019},
  publisher={Nature Publishing Group}
}
@article{laisk2019genetic,
  title={The genetic architecture of sporadic and recurrent miscarriage},
  author={Laisk, Triin and Soares, Ana Luiza G and Ferreira, Teresa and Painter, Jodie N and Laber, Samantha and Bacelis, Jonas and Chen, Chia-Yen and Lepamets, Maarja and Lin, Kuang and Liu, Siyang and others},
  journal={bioRxiv},
  pages={575167},
  year={2019},
  publisher={Cold Spring Harbor Laboratory}
}
@article{pereza2017systematic,
  title={Systematic review and meta-analysis of genetic association studies in idiopathic recurrent spontaneous abortion},
  author={Pereza, Nina and Ostoji{\'c}, Sa{\v{s}}a and Kapovi{\'c}, Miljenko and Peterlin, Borut},
  journal={Fertility and sterility},
  volume={107},
  number={1},
  pages={150--159},
  year={2017},
  publisher={Elsevier}
}
@article{qiao2016whole,
  title={Whole exome sequencing in recurrent early pregnancy loss},
  author={Qiao, Ying and Wen, Jiadi and Tang, Flamingo and Martell, Sally and Shomer, Naomi and Leung, Peter CK and Stephenson, Mary D and Rajcan-Separovic, Evica},
  journal={Mhr: Basic science of reproductive medicine},
  volume={22},
  number={5},
  pages={364--372},
  year={2016},
  publisher={Oxford University Press}
}
@article{rull2012genetics,
  title={Genetics of recurrent miscarriage: challenges, current knowledge, future directions},
  author={Rull, Kristiina and Nagirnaja, Liina and Laan, Maris},
  journal={Frontiers in genetics},
  volume={3},
  pages={34},
  year={2012},
  publisher={Frontiers}
}
@article{colley2019potential,
  title={Potential genetic causes of miscarriage in euploid pregnancies: A systematic review},
  author={Colley, Emily and Hamilton, Susan and Smith, Paul and Morgan, Neil V and Coomarasamy, Arri and Allen, Stephanie},
  journal={Human reproduction update},
  volume={25},
  number={4},
  pages={452--472},
  year={2019},
  publisher={Oxford University Press}
}
@article{quintero2017novel,
  title={Novel genes and mutations in patients affected by recurrent pregnancy loss},
  author={Quintero-Ronderos, Paula and Mercier, Eric and Fukuda, Michiko and Gonz{\'a}lez, Ronald and Su{\'a}rez, Carlos Fernando and Patarroyo, Manuel Alfonso and Vaiman, Daniel and Gris, Jean-Christophe and Laissue, Paul},
  journal={PloS one},
  volume={12},
  number={10},
  year={2017},
  publisher={Public Library of Science}
}
@article{ashburner2000gene,
  title={Gene ontology: tool for the unification of biology},
  author={Ashburner, Michael and Ball, Catherine A and Blake, Judith A and Botstein, David and Butler, Heather and Cherry, J Michael and Davis, Allan P and Dolinski, Kara and Dwight, Selina S and Eppig, Janan T and others},
  journal={Nature genetics},
  volume={25},
  number={1},
  pages={25--29},
  year={2000},
  publisher={Nature Publishing Group}
}
@article{gene2019gene,
  title={The gene ontology resource: 20 years and still GOing strong},
  author={Gene Ontology Consortium},
  journal={Nucleic acids research},
  volume={47},
  number={D1},
  pages={D330--D338},
  year={2019},
  publisher={Oxford University Press}
}
@article{kurtzer2017singularity,
  title={Singularity: Scientific containers for mobility of compute},
  author={Kurtzer, Gregory M and Sochat, Vanessa and Bauer, Michael W},
  journal={PloS one},
  volume={12},
  number={5},
  year={2017},
  publisher={Public Library of Science}
}
@article{merkel2014docker,
  title={Docker: lightweight linux containers for consistent development and deployment},
  author={Merkel, Dirk},
  journal={Linux journal},
  volume={2014},
  number={239},
  pages={2},
  year={2014}
}
@article{condor-practice, 
  author    = "Douglas Thain and Todd Tannenbaum and Miron Livny",
  title     = "Distributed computing in practice: the Condor experience.",
  journal   = "Concurrency - Practice and Experience",
  volume    = "17",
  number    = "2-4",
  year      = "2005",
  pages     = "323-356",
}
@misc{gnu2007free,
  title={Free Software Foundation. Bash (3.2. 48)[Unix shell program]},
  author={GNU, P},
  year={2007}
}
@book{python3,
 author = {Van Rossum, Guido and Drake, Fred L.},
 title = {Python 3 Reference Manual},
 year = {2009},
 isbn = {1441412697},
 publisher = {CreateSpace},
 address = {Scotts Valley, CA}
}
@article{aho1979awk,
  title={Awk—a pattern scanning and processing language},
  author={Aho, Alfred V and Kernighan, Brian W and Weinberger, Peter J},
  journal={Software: Practice and Experience},
  volume={9},
  number={4},
  pages={267--279},
  year={1979},
  publisher={Wiley Online Library}
}
@article{doubilet2013diagnostic,
  title={Diagnostic criteria for nonviable pregnancy early in the first trimester},
  author={Doubilet, Peter M and Benson, Carol B and Bourne, Tom and Blaivas, Michael},
  journal={New England Journal of Medicine},
  volume={369},
  number={15},
  pages={1443--1451},
  year={2013},
  publisher={Mass Medical Soc}
}

@article{vermeesch2005molecular,
  title={Molecular karyotyping: array CGH quality criteria for constitutional genetic diagnosis},
  author={Vermeesch, Joris R and Melotte, Cindy and Froyen, Guy and Van Vooren, Steven and Dutta, Binita and Maas, Nicole and Vermeulen, Stefan and Menten, Bj{\"o}rn and Speleman, Frank and De Moor, Bart and others},
  journal={Journal of Histochemistry \& Cytochemistry},
  volume={53},
  number={3},
  pages={413--422},
  year={2005},
  publisher={SAGE Publications Sage CA: Los Angeles, CA}
}

@article{cohain2017spontaneous,
  title={Spontaneous first trimester miscarriage rates per woman among parous women with 1 or more pregnancies of 24 weeks or more},
  author={Cohain, Judy Slome and Buxbaum, Rina E and Mankuta, David},
  journal={BMC pregnancy and childbirth},
  volume={17},
  number={1},
  pages={437},
  year={2017},
  publisher={BioMed Central}
}



@article{filges2015exome,
  title={Exome sequencing for gene discovery in lethal fetal disorders--harnessing the value of extreme phenotypes},
  author={Filges, Isabel and Friedman, Jan M},
  journal={Prenatal diagnosis},
  volume={35},
  number={10},
  pages={1005--1009},
  year={2015},
  publisher={Wiley Online Library}
}


@article{kong2012rate,
  title={Rate of de novo mutations and the importance of father’s age to disease risk},
  author={Kong, Augustine and Frigge, Michael L and Masson, Gisli and Besenbacher, Soren and Sulem, Patrick and Magnusson, Gisli and Gudjonsson, Sigurjon A and Sigurdsson, Asgeir and Jonasdottir, Aslaug and Jonasdottir, Adalbjorg and others},
  journal={Nature},
  volume={488},
  number={7412},
  pages={471},
  year={2012},
  publisher={Nature Publishing Group}
}
@article{pereza2017systematic,
  title={Systematic review and meta-analysis of genetic association studies in idiopathic recurrent spontaneous abortion},
  author={Pereza, Nina and Ostoji{\'c}, Sa{\v{s}}a and Kapovi{\'c}, Miljenko and Peterlin, Borut},
  journal={Fertility and sterility},
  volume={107},
  number={1},
  pages={150--159},
  year={2017},
  publisher={Elsevier}
}


@article{nilsen2012copynumber,
  title={Copynumber: efficient algorithms for single-and multi-track copy number segmentation},
  author={Nilsen, Gro and Liest{\o}l, Knut and Van Loo, Peter and Vollan, Hans Kristian Moen and Eide, Marianne B and Rueda, Oscar M and Chin, Suet-Feung and Russell, Roslin and Baumbusch, Lars O and Caldas, Carlos and others},
  journal={BMC genomics},
  volume={13},
  number={1},
  pages={591},
  year={2012},
  publisher={BioMed Central}
}

@article{practice2012evaluation,
  title={Evaluation and treatment of recurrent pregnancy loss: a committee opinion},
  author={Practice Committee of the American Society for Reproductive Medicine and others},
  journal={Fertility and sterility},
  volume={98},
  number={5},
  pages={1103--1111},
  year={2012},
  publisher={Elsevier}
}
@article{laisk2019genetic,
  title={The genetic architecture of sporadic and recurrent miscarriage},
  author={Laisk, Triin and Soares, Ana Luiza G and Ferreira, Teresa and Painter, Jodie N and Laber, Samantha and Bacelis, Jonas and Chen, Chia-Yen and Lepamets, Maarja and Lin, Kuang and Liu, Siyang and others},
  journal={bioRxiv},
  pages={575167},
  year={2019},
  publisher={Cold Spring Harbor Laboratory}
}


@ARTICLE{Figueredo:2009dg,
   author = {Figueredo, A.~J. and Wolf, P. S.~A.},
   title = {Assortative pairing and life history strategy -- a cross-cultural study},
   journal = {Human Nature},
   volume = {20},
   pages = {317-330},
   year = {2009},
   doi={https://doi.org/10.1007/s12110-009-9068-2}
}

@MISC{Hao:gidmaps:2014,
  author = {Hao, Z. and AghaKouchak, A. and Nakhjiri, N. and Farahmand, A},
  year = {2014},
  title = {Global integrated drought monitoring and prediction system ({GIDMaPS}) data sets},
  howpublished = {\emph{figshare} \url{http://dx.doi.org/10.6084/m9.figshare.853801}}
}

@ARTICLE{Venkatraman2018,
    title = {DNAcopy: DNA copy number data analysis},
    author = {Venkatraman E. Seshan and Adam Olshen},
    year = {2018},
    note = {R package version 1.56.0},
  }


@article{green2019review,
  title={A review of reproductive outcomes of women with two consecutive miscarriages and no living child},
  author={Green, Deirdre M and O’Donoghue, Keelin},
  journal={Journal of Obstetrics and Gynaecology},
  pages={1--6},
  year={2019},
  publisher={Taylor \& Francis}
}


% [1] banana 27994187 
@Article{pmid27994187,
   Author="Sudhir, N.  and Kaur, T.  and Beri, A.  and Kaur, A. ",
   Title="{{C}ytogenetic analysis in couples with recurrent miscarriages: a retrospective study from {P}unjab, north {I}ndia}",
   Journal="J. Genet.",
   Year="2016",
   Volume="95",
   Number="4",
   Pages="887--894",
   Month="Dec"
}

% [4] 11821293 
@Article{pmid11821293,
   Author="Stephenson, M. D.  and Awartani, K. A.  and Robinson, W. P. ",
   Title="{{C}ytogenetic analysis of miscarriages from couples with recurrent miscarriage: a case-control study}",
   Journal="Hum. Reprod.",
   Year="2002",
   Volume="17",
   Number="2",
   Pages="446--451",
   Month="Feb"
}

% 30642578 
@Article{pmid30642578,
   Author="Khalife, D.  and Ghazeeri, G.  and Kutteh, W. ",
   Title="{{R}eview of current guidelines for recurrent pregnancy loss: new strategies for optimal evaluation of women who may be superfertile}",
   Journal="Semin. Perinatol.",
   Year="2019",
   Volume="43",
   Number="2",
   Pages="105--115",
   Month="Mar"
}

% 30602480 
@Article{pmid30602480,
   Author="Jayasena, C. N.  and Radia, U. K.  and Figueiredo, M.  and Revill, L. F.  and Dimakopoulou, A.  and Osagie, M.  and Vessey, W.  and Regan, L.  and Rai, R.  and Dhillo, W. S. ",
   Title="{{R}educed {T}esticular {S}teroidogenesis and {I}ncreased {S}emen {O}xidative {S}tress in {M}ale {P}artners as {N}ovel {M}arkers of {R}ecurrent {M}iscarriage}",
   Journal="Clin. Chem.",
   Year="2019",
   Volume="65",
   Number="1",
   Pages="161--169",
   Month="Jan"
}

% 30448091 
@Article{pmid30448091,
   Author="Kamkar, N.  and Ramezanali, F.  and Sabbaghian, M. ",
   Title="{{T}he relationship between sperm {D}{N}{A} fragmentation, free radicals and antioxidant capacity with idiopathic repeated pregnancy loss}",
   Journal="Reprod Biol",
   Year="2018",
   Volume="18",
   Number="4",
   Pages="330--335",
   Month="Dec"
}

% 30393965 
@Article{pmid30393965,
   Author="Homer, H. A. ",
   Title="{{M}odern management of recurrent miscarriage}",
   Journal="Aust N Z J Obstet Gynaecol",
   Year="2019",
   Volume="59",
   Number="1",
   Pages="36--44",
   Month="Feb"
}

% 29858908 
@Article{pmid29858908,
   Author="Young, B. K. ",
   Title="{{A} multidisciplinary approach to pregnancy loss: the pregnancy loss prevention center}",
   Journal="J Perinat Med",
   Year="2018",
   Volume="47",
   Number="1",
   Pages="41--44",
   Month="Dec"
}

% 29720743 
@Article{pmid29720743,
   Author="Toth, B.  and Wurfel, W.  and Bohlmann, M.  and Zschocke, J.  and Rudnik-Schoneborn, S.  and Nawroth, F.  and Schleussner, E.  and Rogenhofer, N.  and Wischmann, T.  and von Wolff, M.  and Hancke, K.  and von Otte, S.  and Kuon, R.  and Feil, K.  and Tempfer, C. ",
   Title="{{R}ecurrent {M}iscarriage: {D}iagnostic and {T}herapeutic {P}rocedures. {G}uideline of the {D}{G}{G}{G}, {O}{E}{G}{G}{G} and {S}{G}{G}{G} ({S}2k-{L}evel, {A}{W}{M}{F} {R}egistry {N}umber 015/050)}",
   Journal="Geburtshilfe Frauenheilkd",
   Year="2018",
   Volume="78",
   Number="4",
   Pages="364--381",
   Month="Apr"
}

% 28352815 
@Article{pmid28352815,
   Author="Piras, M.  and Delbon, P.  and Bin, P.  and Casella, C.  and Capasso, E.  and Niola, M.  and Conti, A. ",
   Title="{{V}oluntary termination of pregnancy (medical or surgical abortion): forensic medicine issues}",
   Journal="Open Med (Wars)",
   Year="2016",
   Volume="11",
   Number="1",
   Pages="321--326"
}

% 25944391 
@Article{pmid25944391,
   Author="Yakut, S.  and Toru, H. S.  and Cetin, Z.  and Ozel, D.  and ?im?ek, M.  and Mendilcio?lu, ?.  and Luleci, G. ",
   Title="{{C}hromosome abnormalities identified in 457 spontaneous abortions and their histopathological findings}",
   Journal="Turk Patoloji Derg",
   Year="2015",
   Volume="31",
   Number="2",
   Pages="111--118"
}

% 25681385 
@Article{pmid25681385,
   Author="Garrido-Gimenez, C.  and Alijotas-Reig, J. ",
   Title="{{R}ecurrent miscarriage: causes, evaluation and management}",
   Journal="Postgrad Med J",
   Year="2015",
   Volume="91",
   Number="1073",
   Pages="151--162",
   Month="Mar"
}

% 25055407 
@Article{pmid25055407,
   Author="Oliver, A.  and Overton, C. ",
   Title="{{D}iagnosis and management of miscarriage}",
   Journal="Practitioner",
   Year="2014",
   Volume="258",
   Number="1771",
   Pages="25--28",
   Month="May"
}

% 22835448 
@Article{pmid22835448,
   Author="Pfeifer, S.  and Fritz, M.  and Goldberg, J.  and McClure, R.  and Thomas, M.  and Widra, E.  and Schattman, G.  and Licht, M.  and Collins, J.  and Cedars, M.  and Racowsk, C.  and Davis, O.  and Barnhart, K.  and Gracia, C.  and Catherino, W.  and Rebar, R.  and La Barbera, A. ",
   Title="{{E}valuation and treatment of recurrent pregnancy loss: a committee opinion}",
   Journal="Fertil. Steril.",
   Year="2012",
   Volume="98",
   Number="5",
   Pages="1103--1111",
   Month="Nov"
}

% 22796359 
@Article{pmid22796359,
   Author="van den Berg, M. M.  and van Maarle, M. C.  and van Wely, M.  and Goddijn, M. ",
   Title="{{G}enetics of early miscarriage}",
   Journal="Biochim. Biophys. Acta",
   Year="2012",
   Volume="1822",
   Number="12",
   Pages="1951--1959",
   Month="Dec"
}

% 22672580 
@Article{pmid22672580,
   Author="Kochhar, P. K.  and Ghosh, P. ",
   Title="{{R}eproductive outcome of couples with recurrent miscarriage and balanced chromosomal abnormalities}",
   Journal="J. Obstet. Gynaecol. Res.",
   Year="2013",
   Volume="39",
   Number="1",
   Pages="113--120",
   Month="Jan"
}

% 22183209 
@Article{pmid22183209,
   Author="Lund, M.  and Kamper-J?rgensen, M.  and Nielsen, H. S.  and Lidegaard, ?.  and Andersen, A. M.  and Christiansen, O. B. ",
   Title="{{P}rognosis for live birth in women with recurrent miscarriage: what is the best measure of success?}",
   Journal="Obstet Gynecol",
   Year="2012",
   Volume="119",
   Number="1",
   Pages="37--43",
   Month="Jan"
}

% 20041396 
@Article{pmid20041396,
   Author="Micale, M.  and Insko, J.  and Ebrahim, S. A.  and Adeyinka, A.  and Runke, C.  and Van Dyke, D. L. ",
   Title="{{D}ouble trisomy revisited--a multicenter experience}",
   Journal="Prenat. Diagn.",
   Year="2010",
   Volume="30",
   Number="2",
   Pages="173--176",
   Month="Feb"
}

% 10864550 
@Article{pmid10864550,
   Author="Nybo Andersen, A. M.  and Wohlfahrt, J.  and Christens, P.  and Olsen, J.  and Melbye, M. ",
   Title="{{M}aternal age and fetal loss: population based register linkage study}",
   Journal="BMJ",
   Year="2000",
   Volume="320",
   Number="7251",
   Pages="1708--1712",
   Month="Jun"
}

% 8568023 
@Article{pmid8568023,
   Author="al-Ansary, L. A.  and Oni, G.  and Babay, Z. A. ",
   Title="{{R}isk factors for spontaneous abortion among {S}audi women}",
   Journal="J Community Health",
   Year="1995",
   Volume="20",
   Number="6",
   Pages="491--500",
   Month="Dec"
}

% 6720673 
@Article{pmid6720673,
   Author="Sandler, D. P.  and Wilcox, A. J.  and Horney, L. F. ",
   Title="{{A}ge at menarche and subsequent reproductive events}",
   Journal="Am. J. Epidemiol.",
   Year="1984",
   Volume="119",
   Number="5",
   Pages="765--774",
   Month="May"
}

@article{stephenson2002cytogenetic,
  title={Cytogenetic analysis of miscarriages from couples with recurrent miscarriage: a case--control study},
  author={Stephenson, MD and Awartani, KA and Robinson, WP},
  journal={Human reproduction},
  volume={17},
  number={2},
  pages={446--451},
  year={2002},
  publisher={Oxford University Press}
}

@article{gaboon2013recurrent,
  title={Recurrent spontaneous abortion: an overview of genetic backgrounds and impact of male factors: a review},
  author={Gaboon, Nagwa EA},
  journal={International Journal of Human Genetics},
  volume={13},
  number={2},
  pages={79--83},
  year={2013},
  publisher={Taylor \& Francis}
}
@article{najafi2019chromosomal,
  title={Chromosomal aberrations in pregnancy and fetal loss: Insight on the effect of consanguinity, review of 1625 cases},
  author={Najafi, Kimia and Gholami, Soheila and Moshtagh, Azadeh and Bazrgar, Masood and Sadatian, Neda and Abbasi, Golemaryam and Rostami, Parvin and Khalili, Soheila and Babanejad, Mojgan and Nourmohammadi, Bahareh and others},
  journal={Molecular genetics \& genomic medicine},
  volume={7},
  number={8},
  pages={e820},
  year={2019},
  publisher={Wiley Online Library}
}
@article{andersen2014risk,
  title={Risk factors for miscarriage from a prevention perspective: a nationwide follow-up study Reply},
  author={Andersen, AM and Andersen, P Kragh and Nilsson, S Feodor and Strandberg-Larsen, K},
  journal={BJOG-AN INTERNATIONAL JOURNAL OF OBSTETRICS AND GYNAECOLOGY},
  volume={121},
  number={11},
  pages={1440--1440},
  year={2014},
  publisher={WILEY-BLACKWELL 111 RIVER ST, HOBOKEN 07030-5774, NJ USA}
}
@article{robinson2014pregnancy,
  title={Pregnancy loss},
  author={Robinson, Gail Erlick},
  journal={Best practice \& research Clinical obstetrics \& gynaecology},
  volume={28},
  number={1},
  pages={169--178},
  year={2014},
  publisher={Elsevier}
}
@article{schaeffer2004comparative,
  title={Comparative genomic hybridization--array analysis enhances the detection of aneuploidies and submicroscopic imbalances in spontaneous miscarriages},
  author={Schaeffer, Anthony J and Chung, June and Heretis, Konstantina and Wong, Andrew and Ledbetter, David H and Martin, Christa Lese},
  journal={The American Journal of Human Genetics},
  volume={74},
  number={6},
  pages={1168--1174},
  year={2004},
  publisher={Elsevier}
}
@article{caughey2006chorionic,
  title={Chorionic villus sampling compared with amniocentesis and the difference in the rate of pregnancy loss},
  author={Caughey, Aaron B and Hopkins, Linda M and Norton, Mary E},
  journal={Obstetrics \& Gynecology},
  volume={108},
  number={3},
  pages={612--616},
  year={2006},
  publisher={LWW}
}
@article{driscoll2008first,
  title={First trimester diagnosis and screening for fetal aneuploidy},
  author={Driscoll, Deborah A and Gross, Susan J},
  journal={Genetics in Medicine},
  volume={10},
  number={1},
  pages={73--75},
  year={2008},
  publisher={Nature Publishing Group}
}
@article{koboldt2013next,
  title={The next-generation sequencing revolution and its impact on genomics},
  author={Koboldt, Daniel C and Steinberg, Karyn Meltz and Larson, David E and Wilson, Richard K and Mardis, Elaine R},
  journal={Cell},
  volume={155},
  number={1},
  pages={27--38},
  year={2013},
  publisher={Elsevier}
}
@article{de2002paternal,
  title={Paternal age and maternal age are risk factors for miscarriage; results of a multicentre European study},
  author={de La Rochebrochard, Elise and Thonneau, Patrick},
  journal={Human reproduction},
  volume={17},
  number={6},
  pages={1649--1656},
  year={2002},
  publisher={Oxford University Press}
}
@article{braude1988human,
  title={Human gene expression first occurs between the four-and eight-cell stages of preimplantation development},
  author={Braude, Peter and Bolton, Virginia and Moore, Stephen},
  journal={Nature},
  volume={332},
  number={6163},
  pages={459--461},
  year={1988},
  publisher={Springer}
}
@article{niakan2012human,
  title={Human pre-implantation embryo development},
  author={Niakan, Kathy K and Han, Jinnuo and Pedersen, Roger A and Simon, Carlos and Pera, Renee A Reijo},
  journal={Development},
  volume={139},
  number={5},
  pages={829--841},
  year={2012},
  publisher={Oxford University Press for The Company of Biologists Limited}
}
@article{rahmioglu2014genetic,
  title={Genetic variants underlying risk of endometriosis: insights from meta-analysis of eight genome-wide association and replication datasets},
  author={Rahmioglu, Nilufer and Nyholt, Dale R and Morris, Andrew P and Missmer, Stacey A and Montgomery, Grant W and Zondervan, Krina T},
  journal={Human reproduction update},
  volume={20},
  number={5},
  pages={702--716},
  year={2014},
  publisher={Oxford University Press}
}
@article{qiao2016whole,
  title={Whole exome sequencing in recurrent early pregnancy loss},
  author={Qiao, Ying and Wen, Jiadi and Tang, Flamingo and Martell, Sally and Shomer, Naomi and Leung, Peter CK and Stephenson, Mary D and Rajcan-Separovic, Evica},
  journal={Mhr: Basic science of reproductive medicine},
  volume={22},
  number={5},
  pages={364--372},
  year={2016},
  publisher={Oxford University Press}
}
@article{fu2018whole,
  title={Whole-exome sequencing analysis of products of conception identifies novel mutations associated with missed abortion},
  author={Fu, Meng and Mu, Sha and Wen, Chunyan and Jiang, Shufang and Li, Lin and Meng, Yuanguang and Peng, Hongmei},
  journal={Molecular medicine reports},
  volume={18},
  number={2},
  pages={2027--2032},
  year={2018},
  publisher={Spandidos Publications}
}
@article{rajcan2019next,
  title={Next generation sequencing in recurrent pregnancy loss-approaches and outcomes},
  author={Rajcan-Separovic, Evica},
  journal={European journal of medical genetics},
  year={2019},
  publisher={Elsevier}
}
@article{rabbani2014promise,
  title={The promise of whole-exome sequencing in medical genetics},
  author={Rabbani, Bahareh and Tekin, Mustafa and Mahdieh, Nejat},
  journal={Journal of human genetics},
  volume={59},
  number={1},
  pages={5--15},
  year={2014},
  publisher={Nature Publishing Group}
}
@article{bergstrom2019insights,
  title={Insights into human genetic variation and population history from 929 diverse genomes},
  author={Bergstr{\"o}m, Anders and McCarthy, Shane A and Hui, Ruoyun and Almarri, Mohamed A and Ayub, Qasim and Danecek, Petr and Chen, Yuan and Felkel, Sabine and Hallast, Pille and Kamm, Jack and others},
  journal={bioRxiv},
  pages={674986},
  year={2019},
  publisher={Cold Spring Harbor Laboratory}
}
@misc{placenta,
  author = {Hill, M.A.},
  title = {Embryology},
  year = {2020},
  howpublished = {\url{https://embryology.med.unsw.edu.au/embryology/index.php/Lecture_-_Placenta_Development}},
}
@article{christensen2015assessing,
  title={Assessing the costs and cost-effectiveness of genomic sequencing},
  author={Christensen, Kurt D and Dukhovny, Dmitry and Siebert, Uwe and Green, Robert C},
  journal={Journal of personalized medicine},
  volume={5},
  number={4},
  pages={470--486},
  year={2015},
  publisher={Multidisciplinary Digital Publishing Institute}
}
@article{you2008multiple,
  title={Multiple human papillomavirus types replicate in 3A trophoblasts},
  author={You, H and Liu, Y and Agrawal, N and Prasad, CK and Edwards, JL and Osborne, AF and Korourian, S and Lowery, CL and Hermonat, PL},
  journal={Placenta},
  volume={29},
  number={1},
  pages={30--38},
  year={2008},
  publisher={Elsevier}
}
@article{pollex2007copy,
  title={Copy number variation in the human genome and its implications for cardiovascular disease},
  author={Pollex, Rebecca L and Hegele, Robert A},
  journal={Circulation},
  volume={115},
  number={24},
  pages={3130--3138},
  year={2007},
  publisher={Am Heart Assoc}
}
@article{noguchi2017fantom5,
  title={FANTOM5 CAGE profiles of human and mouse samples},
  author={Noguchi, Shuhei and Arakawa, Takahiro and Fukuda, Shiro and Furuno, Masaaki and Hasegawa, Akira and Hori, Fumi and Ishikawa-Kato, Sachi and Kaida, Kaoru and Kaiho, Ai and Kanamori-Katayama, Mutsumi and others},
  journal={Scientific data},
  volume={4},
  pages={170112},
  year={2017},
  publisher={Nature Publishing Group}
}
@article{kimura2009characterization,
  title={Characterization of two cytoplasmic poly (A)-binding proteins, PABPC1 and PABPC2, in mouse spermatogenic cells},
  author={Kimura, Masanori and Ishida, Kazuyuki and Kashiwabara, Shin-ichi and Baba, Tadashi},
  journal={Biology of reproduction},
  volume={80},
  number={3},
  pages={545--554},
  year={2009},
  publisher={Oxford University Press}
}
@article{c1994developmental,
  title={Developmental expression of poly (A) binding protein mRNAs during spermatogenesis in the mouse},
  author={C. Kleene, K and Wang, M-Y and Cutler, M and Hall, C and Shih, D},
  journal={Molecular reproduction and development},
  volume={39},
  number={4},
  pages={355--364},
  year={1994},
  publisher={Wiley Online Library}
}
@article{feral2001human,
  title={Human testis expresses a specific poly (A)-binding protein},
  author={F{\'e}ral, Chlo{\'e} and Guella{\"e}n, Georges and Pawlak, Andr{\'e}},
  journal={Nucleic Acids Research},
  volume={29},
  number={9},
  pages={1872--1883},
  year={2001},
  publisher={Oxford University Press}
}
@article{ozturk2016poly,
  title={The poly (A)-binding protein genes, EPAB, PABPC1, and PABPC3 are differentially expressed in infertile men with non-obstructive azoospermia},
  author={Ozturk, Saffet and Sozen, Berna and Uysal, Fatma and Bassorgun, Ibrahim C and Usta, Mustafa F and Akkoyunlu, Gokhan and Demir, Necdet},
  journal={Journal of assisted reproduction and genetics},
  volume={33},
  number={3},
  pages={335--348},
  year={2016},
  publisher={Springer}
}